<?xml version="1.0" encoding="UTF-8"?><collection xmlns="http://www.loc.gov/MARC21/slim"><record><leader>00329nam--2200121-i-4500</leader><controlfield tag="001">000047642</controlfield><controlfield tag="002">20161230</controlfield><controlfield tag="005">20161230201046</controlfield><controlfield tag="008">060222s1000------------r-----000-0-eng-d</controlfield><datafield ind1=" " ind2=" " tag="080"><subfield code="a">061.62(083.81)</subfield></datafield><datafield ind1=" " ind2=" " tag="245"><subfield code="a">The world of learning. 1961-62. twelffth edition</subfield></datafield><datafield ind1=" " ind2=" " tag="260"><subfield code="a">London, Europa Publ. Ltd., 1962, Xiv + 1359p</subfield></datafield><datafield ind1=" " ind2=" " tag="852"><subfield code="a">D.1092</subfield></datafield></record></collection>